<record><leader>00000cas a22000007a 4500</leader><controlfield tag="001">9339455</controlfield><controlfield tag="008">830323d18571857maudn ne      0    0eng d</controlfield><controlfield tag="009">3768</controlfield><datafield ind1=" " ind2=" " tag="010"><subfield code="a">sn 83020412 </subfield></datafield><datafield ind1=" " ind2=" " tag="040"><subfield code="a">NPX</subfield><subfield code="b">eng</subfield><subfield code="c">NPX</subfield><subfield code="d">MGN</subfield></datafield><datafield ind1=" " ind2=" " tag="042"><subfield code="a">msc</subfield></datafield><datafield ind1="0" ind2="0" tag="245"><subfield code="a">Fall River daily evening star.</subfield></datafield><datafield ind1=" " ind2=" " tag="260"><subfield code="a">Fall River [Mass.] :</subfield><subfield code="b">Noel A. Tripp,</subfield></datafield><datafield ind1=" " ind2=" " tag="300"><subfield code="a">v. ;</subfield><subfield code="c">49 cm.</subfield></datafield><datafield ind1=" " ind2=" " tag="310"><subfield code="a">Daily (except Sun.)</subfield></datafield><datafield ind1="0" ind2=" " tag="362"><subfield code="a">Vol. 1, no. 1 (Apr. 3, 1857)-v. 1, no. 205 (Dec. 3, 1857).</subfield></datafield><datafield ind1=" " ind2=" " tag="500"><subfield code="a">Editor: B.W. Pearce.</subfield></datafield><datafield ind1=" " ind2=" " tag="752"><subfield code="a">United States</subfield><subfield code="b">Massachusetts</subfield><subfield code="c">Bristol</subfield><subfield code="d">Fall River.</subfield></datafield><datafield ind1="0" ind2="0" tag="785"><subfield code="t">Daily evening star (Fall River, Mass.)</subfield><subfield code="w">(DLC)sn 92057036</subfield></datafield></record>